<mx:record xmlns="http://www.w3.org/TR/xhtml1/strict" xmlns:mx="http://www.loc.gov/MARC21/slim" xmlns:xsi="http://www.w3.org/2001/XMLSchema-instance"><mx:leader>00000cz   2200000n  4500</mx:leader><mx:controlfield tag="001">oca02265093 </mx:controlfield><mx:controlfield tag="005">20020416105518.0</mx:controlfield><mx:controlfield tag="008">880427n| acannaabn          |a aaa      </mx:controlfield><mx:datafield ind1=" " ind2=" " tag="010"><mx:subfield code="a">n  88631189 </mx:subfield></mx:datafield><mx:datafield ind1=" " ind2=" " tag="040"><mx:subfield code="a">DLC</mx:subfield><mx:subfield code="b">eng</mx:subfield><mx:subfield code="c">DLC</mx:subfield><mx:subfield code="d">DLC</mx:subfield><mx:subfield code="d">OCoLC</mx:subfield><mx:subfield code="d">DLC</mx:subfield></mx:datafield><mx:datafield ind1="1" ind2=" " tag="100"><mx:subfield code="a">Scaligero, Giulio Cesare,</mx:subfield><mx:subfield code="d">1484-1558</mx:subfield></mx:datafield><mx:datafield ind1="1" ind2=" " tag="400"><mx:subfield code="a">Scaliger, Jules-César,</mx:subfield><mx:subfield code="d">1484-1558</mx:subfield></mx:datafield><mx:datafield ind1="1" ind2=" " tag="400"><mx:subfield code="a">Scaliger, Julius Caesar,</mx:subfield><mx:subfield code="d">1484-1558</mx:subfield><mx:subfield code="w">nna</mx:subfield></mx:datafield><mx:datafield ind1="1" ind2=" " tag="400"><mx:subfield code="a">Bordone della Scala, Giulio,</mx:subfield><mx:subfield code="d">1484-1558</mx:subfield></mx:datafield><mx:datafield ind1="1" ind2=" " tag="400"><mx:subfield code="a">Bordoni della Scala, Giulio,</mx:subfield><mx:subfield code="d">1484-1558</mx:subfield></mx:datafield><mx:datafield ind1="1" ind2=" " tag="400"><mx:subfield code="a">Scala, Giulio Bordone della,</mx:subfield><mx:subfield code="d">1484-1558</mx:subfield></mx:datafield><mx:datafield ind1="1" ind2=" " tag="400"><mx:subfield code="a">Della Scala, Giulio Bordone,</mx:subfield><mx:subfield code="d">1484-1558</mx:subfield></mx:datafield><mx:datafield ind1=" " ind2=" " tag="670"><mx:subfield code="a">Balavoine, C. La statue et l'empreinte, 1986:</mx:subfield><mx:subfield code="b">p. 7, etc. (Jules-César Scaliger)</mx:subfield></mx:datafield><mx:datafield ind1=" " ind2=" " tag="670"><mx:subfield code="a">GEV</mx:subfield><mx:subfield code="b">(Scaligero, Giulio Cesare, b. Riva del Garda, 1484; d. Agen, 1558)</mx:subfield></mx:datafield><mx:datafield ind1=" " ind2=" " tag="670"><mx:subfield code="a">Bib. nat.</mx:subfield><mx:subfield code="b">(Scaliger, Julius Caesar (Giulio Bordone ou Bordoni della Scala)</mx:subfield></mx:datafield><mx:datafield ind1=" " ind2=" " tag="670"><mx:subfield code="a">Giulio Cesare Scaligero e Nicolò d'Arco, 1999:</mx:subfield><mx:subfield code="b">p. 7 (b. Riva del Garda? 1484; d. Agen 1556)</mx:subfield></mx:datafield><mx:datafield ind1=" " ind2=" " tag="999"><mx:subfield code="a">254</mx:subfield></mx:datafield></mx:record>